<record><leader>00000cas a22000007a 4500</leader><controlfield tag="001">35332383</controlfield><controlfield tag="008">960831d19701981tnuwr ne      0    0eng d</controlfield><datafield ind1=" " ind2=" " tag="010"><subfield code="a">sn 96091075 </subfield></datafield><datafield ind1=" " ind2=" " tag="040"><subfield code="a">TGN</subfield><subfield code="b">eng</subfield><subfield code="c">TGN</subfield><subfield code="d">OCLCQ</subfield><subfield code="d">OCLCF</subfield><subfield code="d">OCLCO</subfield></datafield><datafield ind1="1" ind2=" " tag="029"><subfield code="a">AU@</subfield><subfield code="b">000024817242</subfield></datafield><datafield ind1=" " ind2=" " tag="042"><subfield code="a">msc</subfield></datafield><datafield ind1=" " ind2=" " tag="043"><subfield code="a">n-us-tn</subfield></datafield><datafield ind1="0" ind2=" " tag="130"><subfield code="a">Suburban news (Nashville, Tenn. : 1970)</subfield></datafield><datafield ind1="1" ind2="0" tag="245"><subfield code="a">Suburban news.</subfield></datafield><datafield ind1=" " ind2=" " tag="260"><subfield code="a">Nashville, Tenn. :</subfield><subfield code="b">Community Newspapers Inc.,</subfield><subfield code="c">1970-1981.</subfield></datafield><datafield ind1=" " ind2=" " tag="300"><subfield code="a">v.</subfield></datafield><datafield ind1=" " ind2=" " tag="310"><subfield code="a">Weekly</subfield></datafield><datafield ind1="0" ind2=" " tag="362"><subfield code="a">Vol. 6, no. 22 (June 4, 1970)-v. 56, no. 8 (Feb. 25, 1981).</subfield></datafield><datafield ind1=" " ind2=" " tag="500"><subfield code="a">Publishers: Community Newspapers Inc., 1970-1976; Middle Tennessee Newspapers, 1976-1979; Nashville Suburban Newspapers, 1979-1981.</subfield></datafield><datafield ind1=" " ind2=" " tag="500"><subfield code="a">Editors: Fred Keightley, 1970-1971; Mildred Milam Murphy, 1971-1980; Gary Pryor, 1980-1981.</subfield></datafield><datafield ind1=" " ind2=" " tag="515"><subfield code="a">Volume numbering is nonsequential.</subfield></datafield><datafield ind1=" " ind2=" " tag="580"><subfield code="a">Formed by the union of: Suburban news south (Nashville, Tenn. : 1965), and: Suburban news west (Nashville, Tenn. : 1965).</subfield></datafield><datafield ind1=" " ind2=" " tag="580"><subfield code="a">Split into: Suburban news south (Nashville, Tenn. : 1981), and: Suburban news west (Nashville, Tenn. : 1981).</subfield></datafield><datafield ind1=" " ind2="0" tag="651"><subfield code="a">Nashville (Tenn.)</subfield><subfield code="v">Newspapers.</subfield></datafield><datafield ind1=" " ind2="0" tag="651"><subfield code="a">Davidson County (Tenn.)</subfield><subfield code="v">Newspapers.</subfield></datafield><datafield ind1=" " ind2="7" tag="655"><subfield code="a">Newspapers.</subfield><subfield code="2">fast</subfield><subfield code="0">(OCoLC)fst01423814</subfield></datafield><datafield ind1=" " ind2="7" tag="651"><subfield code="a">Tennessee</subfield><subfield code="z">Davidson County.</subfield><subfield code="2">fast</subfield><subfield code="0">(OCoLC)fst01205346</subfield></datafield><datafield ind1=" " ind2="7" tag="651"><subfield code="a">Tennessee</subfield><subfield code="z">Nashville.</subfield><subfield code="2">fast</subfield><subfield code="0">(OCoLC)fst01204195</subfield></datafield><datafield ind1=" " ind2=" " tag="752"><subfield code="a">United States</subfield><subfield code="b">Tennessee</subfield><subfield code="c">Davidson</subfield><subfield code="d">Nashville.</subfield></datafield><datafield ind1="1" ind2="4" tag="780"><subfield code="t">Suburban news south (Nashville, Tenn. : 1965)</subfield><subfield code="w">(DLC)sn 96091073</subfield></datafield><datafield ind1="1" ind2="4" tag="780"><subfield code="t">Suburban news west (Nashville, Tenn. : 1965)</subfield><subfield code="w">(DLC)sn 96091074</subfield></datafield><datafield ind1="1" ind2="6" tag="785"><subfield code="t">Suburban news south (Nashville, Tenn. : 1981)</subfield><subfield code="w">(DLC)sn 96091076</subfield></datafield><datafield ind1="1" ind2="6" tag="785"><subfield code="t">Suburban news west (Nashville, Tenn. : 1981)</subfield><subfield code="w">(DLC)sn 96091077</subfield></datafield></record>